[gd_scene load_steps=6 format=2]

[ext_resource path="res://src/Actors/Actor.gd" type="Script" id=1]
[ext_resource path="res://src/Shaders/ShapeWhite.tres" type="Material" id=2]

[sub_resource type="RectangleShape2D" id=1]
extents = Vector2( 10.5, 19.5 )

[sub_resource type="RectangleShape2D" id=2]
extents = Vector2( 5, 14 )

[sub_resource type="Curve" id=3]
min_value = -200.0
max_value = 200.0
_data = [ Vector2( 0, 200 ), 0.0, 0.0, 0, 0, Vector2( 0.20398, -83.1818 ), -348.052, -348.052, 0, 0, Vector2( 0.980099, -149.022 ), -33.3135, 0.0, 0, 0 ]

[node name="Actor" type="KinematicBody2D"]
collision_layer = 0
collision_mask = 8
script = ExtResource( 1 )
gravity = 1150.0

[node name="Sprite" type="Sprite" parent="."]
material = ExtResource( 2 )

[node name="ActorCollisionShape2D" type="CollisionShape2D" parent="."]
shape = SubResource( 1 )

[node name="AnimationPlayer" type="AnimationPlayer" parent="."]

[node name="AttackComboTimer" type="Timer" parent="."]

[node name="BumpedTimer" type="Timer" parent="."]
wait_time = 0.1

[node name="DashTimer" type="Timer" parent="."]
one_shot = true

[node name="InvulnerabilityTimer" type="Timer" parent="."]
wait_time = 1.5
one_shot = true

[node name="NoMoveWhenBumpedTimer" type="Timer" parent="."]

[node name="BodyDetector" type="Area2D" parent="."]
collision_layer = 0
collision_mask = 0

[node name="BodyDetectorShape2D" type="CollisionShape2D" parent="BodyDetector"]
shape = SubResource( 2 )

[node name="AttackBox" type="Area2D" parent="."]

[node name="AttackBoxShape2D" type="CollisionShape2D" parent="AttackBox"]
modulate = Color( 0.686275, 0.752941, 0.105882, 1 )

[node name="HitParticles" type="CPUParticles2D" parent="."]
emitting = false
amount = 6
lifetime = 0.5
one_shot = true
explosiveness = 1.0
lifetime_randomness = 0.3
emission_shape = 2
emission_rect_extents = Vector2( 1, 15 )
spread = 20.0
gravity = Vector2( 0, 5 )
initial_velocity = 120.0
initial_velocity_random = 0.68
linear_accel = 61.68
linear_accel_curve = SubResource( 3 )
radial_accel = 99.07
scale_amount = 2.0
scale_amount_random = 0.5

[connection signal="timeout" from="AttackComboTimer" to="." method="_on_AttackComboTimer_timeout"]
[connection signal="timeout" from="BumpedTimer" to="." method="_on_BumpedTimer_timeout"]
[connection signal="timeout" from="InvulnerabilityTimer" to="." method="_on_InvulnerabilityTimer_timeout"]
[connection signal="timeout" from="NoMoveWhenBumpedTimer" to="." method="_on_NoMoveWhenBumpedTimer_timeout"]
[connection signal="body_entered" from="BodyDetector" to="." method="_on_BodyDetector_body_entered"]
[connection signal="body_exited" from="BodyDetector" to="." method="_on_BodyDetector_body_exited"]
