[gd_scene load_steps=16 format=2]

[ext_resource path="res://assets/adventurer.png" type="Texture" id=1]
[ext_resource path="res://src/Actors/Player.gd" type="Script" id=2]

[sub_resource type="RectangleShape2D" id=1]
extents = Vector2( 5, 14 )

[sub_resource type="RectangleShape2D" id=2]
extents = Vector2( 5, 12.5 )

[sub_resource type="Animation" id=3]
length = 0.8
loop = true
tracks/0/type = "bezier"
tracks/0/path = NodePath("Sprite:frame")
tracks/0/interp = 1
tracks/0/loop_wrap = true
tracks/0/imported = false
tracks/0/enabled = true
tracks/0/keys = {
"points": PoolRealArray(  ),
"times": PoolRealArray(  )
}

[sub_resource type="Animation" id=8]
resource_name = "attack1"
length = 0.5
step = 0.01
tracks/0/type = "value"
tracks/0/path = NodePath("Sprite:frame")
tracks/0/interp = 1
tracks/0/loop_wrap = true
tracks/0/imported = false
tracks/0/enabled = true
tracks/0/keys = {
"times": PoolRealArray( 0, 0.05, 0.1, 0.15, 0.17 ),
"transitions": PoolRealArray( 1, 1, 1, 1, 1 ),
"update": 1,
"values": [ 43, 44, 45, 46, 47 ]
}
tracks/1/type = "method"
tracks/1/path = NodePath(".")
tracks/1/interp = 1
tracks/1/loop_wrap = true
tracks/1/imported = false
tracks/1/enabled = true
tracks/1/keys = {
"times": PoolRealArray( 0, 0.05, 0.1, 0.5 ),
"transitions": PoolRealArray( 1, 1, 1, 1 ),
"values": [ {
"args": [  ],
"method": "_attack_spawn"
}, {
"args": [  ],
"method": "_attack_strike"
}, {
"args": [  ],
"method": "_attack_end"
}, {
"args": [  ],
"method": "_attack_die_end"
} ]
}

[sub_resource type="Animation" id=9]
resource_name = "attack2"
length = 0.5
step = 0.01
tracks/0/type = "value"
tracks/0/path = NodePath("Sprite:frame")
tracks/0/interp = 1
tracks/0/loop_wrap = true
tracks/0/imported = false
tracks/0/enabled = true
tracks/0/keys = {
"times": PoolRealArray( 0, 0.02, 0.04, 0.08, 0.12 ),
"transitions": PoolRealArray( 1, 1, 1, 1, 1 ),
"update": 1,
"values": [ 48, 49, 50, 51, 52 ]
}
tracks/1/type = "method"
tracks/1/path = NodePath(".")
tracks/1/interp = 1
tracks/1/loop_wrap = true
tracks/1/imported = false
tracks/1/enabled = true
tracks/1/keys = {
"times": PoolRealArray( 0, 0.04, 0.08, 0.5 ),
"transitions": PoolRealArray( 1, 1, 1, 1 ),
"values": [ {
"args": [  ],
"method": "_attack_spawn"
}, {
"args": [  ],
"method": "_attack_strike"
}, {
"args": [  ],
"method": "_attack_end"
}, {
"args": [  ],
"method": "_attack_die_end"
} ]
}

[sub_resource type="Animation" id=10]
resource_name = "attack3"
length = 0.5
step = 0.01
tracks/0/type = "value"
tracks/0/path = NodePath("Sprite:frame")
tracks/0/interp = 1
tracks/0/loop_wrap = true
tracks/0/imported = false
tracks/0/enabled = true
tracks/0/keys = {
"times": PoolRealArray( 0, 0.02, 0.12, 0.2, 0.22, 0.24 ),
"transitions": PoolRealArray( 1, 1, 1, 1, 1, 1 ),
"update": 1,
"values": [ 53, 54, 55, 56, 57, 58 ]
}
tracks/1/type = "method"
tracks/1/path = NodePath(".")
tracks/1/interp = 1
tracks/1/loop_wrap = true
tracks/1/imported = false
tracks/1/enabled = true
tracks/1/keys = {
"times": PoolRealArray( 0, 0.12, 0.2, 0.5 ),
"transitions": PoolRealArray( 1, 1, 1, 1 ),
"values": [ {
"args": [  ],
"method": "_attack_spawn"
}, {
"args": [  ],
"method": "_attack_strike"
}, {
"args": [  ],
"method": "_attack_end"
}, {
"args": [  ],
"method": "_attack_die_end"
} ]
}

[sub_resource type="Animation" id=11]
resource_name = "bumped"
loop = true
tracks/0/type = "value"
tracks/0/path = NodePath("Sprite:frame")
tracks/0/interp = 1
tracks/0/loop_wrap = true
tracks/0/imported = false
tracks/0/enabled = true
tracks/0/keys = {
"times": PoolRealArray( 0 ),
"transitions": PoolRealArray( 1 ),
"update": 1,
"values": [ 62 ]
}

[sub_resource type="Animation" id=14]
resource_name = "dash"
length = 0.4
loop = true
tracks/0/type = "value"
tracks/0/path = NodePath("Sprite:frame")
tracks/0/interp = 1
tracks/0/loop_wrap = true
tracks/0/imported = false
tracks/0/enabled = true
tracks/0/keys = {
"times": PoolRealArray( 0, 0.2 ),
"transitions": PoolRealArray( 1, 1 ),
"update": 1,
"values": [ 24, 25 ]
}

[sub_resource type="Animation" id=6]
resource_name = "fall"
length = 0.4
loop = true
tracks/0/type = "value"
tracks/0/path = NodePath("Sprite:frame")
tracks/0/interp = 1
tracks/0/loop_wrap = true
tracks/0/imported = false
tracks/0/enabled = true
tracks/0/keys = {
"times": PoolRealArray( 0, 0.2 ),
"transitions": PoolRealArray( 1, 1 ),
"update": 1,
"values": [ 22, 23 ]
}

[sub_resource type="Animation" id=4]
resource_name = "idle"
length = 0.8
loop = true
tracks/0/type = "value"
tracks/0/path = NodePath("Sprite:frame")
tracks/0/interp = 1
tracks/0/loop_wrap = true
tracks/0/imported = false
tracks/0/enabled = true
tracks/0/keys = {
"times": PoolRealArray( 0, 0.2, 0.4, 0.6 ),
"transitions": PoolRealArray( 1, 1, 1, 1 ),
"update": 1,
"values": [ 0, 1, 2, 3 ]
}

[sub_resource type="Animation" id=7]
resource_name = "jump"
length = 0.001
loop = true
tracks/0/type = "value"
tracks/0/path = NodePath("Sprite:frame")
tracks/0/interp = 1
tracks/0/loop_wrap = true
tracks/0/imported = false
tracks/0/enabled = true
tracks/0/keys = {
"times": PoolRealArray( 0 ),
"transitions": PoolRealArray( 1 ),
"update": 1,
"values": [ 17 ]
}

[sub_resource type="Animation" id=5]
resource_name = "run"
length = 0.6
loop = true
tracks/0/type = "value"
tracks/0/path = NodePath("Sprite:frame")
tracks/0/interp = 1
tracks/0/loop_wrap = true
tracks/0/imported = false
tracks/0/enabled = true
tracks/0/keys = {
"times": PoolRealArray( 0, 0.1, 0.2, 0.3, 0.4, 0.5 ),
"transitions": PoolRealArray( 1, 1, 1, 1, 1, 1 ),
"update": 1,
"values": [ 8, 9, 10, 11, 12, 13 ]
}

[sub_resource type="RectangleShape2D" id=15]
extents = Vector2( 8, 11.5 )

[node name="Player" type="KinematicBody2D" groups=["player"]]
collision_mask = 8
script = ExtResource( 2 )

[node name="Sprite" type="Sprite" parent="."]
position = Vector2( 0, -4 )
texture = ExtResource( 1 )
hframes = 7
vframes = 11
frame = 62

[node name="CollisionShape2D" type="CollisionShape2D" parent="."]
position = Vector2( 0, -1 )
shape = SubResource( 1 )

[node name="Camera2D" type="Camera2D" parent="."]
position = Vector2( 0, -47 )
current = true
limit_left = 0
limit_top = 0
limit_smoothed = true
drag_margin_h_enabled = true
drag_margin_v_enabled = true
smoothing_enabled = true
smoothing_speed = 7.0
drag_margin_left = 0.0
drag_margin_right = 0.0

[node name="EnemyDetector" type="Area2D" parent="."]
position = Vector2( 0, 13 )
collision_layer = 0
collision_mask = 2
monitorable = false

[node name="CollisionShape2D" type="CollisionShape2D" parent="EnemyDetector"]
modulate = Color( 1, 0.956863, 0.341176, 1 )
position = Vector2( 0, -12.5 )
shape = SubResource( 2 )

[node name="AnimationPlayer" type="AnimationPlayer" parent="."]
anims/RESET = SubResource( 3 )
anims/attack1 = SubResource( 8 )
anims/attack2 = SubResource( 9 )
anims/attack3 = SubResource( 10 )
anims/bumped = SubResource( 11 )
anims/dash = SubResource( 14 )
anims/fall = SubResource( 6 )
anims/idle = SubResource( 4 )
anims/jump = SubResource( 7 )
anims/run = SubResource( 5 )

[node name="AttackComboTimer" type="Timer" parent="."]
wait_time = 0.5

[node name="BumpedTimer" type="Timer" parent="."]

[node name="DashTimer" type="Timer" parent="."]
wait_time = 0.2
one_shot = true

[node name="InvulnerabilityTimer" type="Timer" parent="."]
wait_time = 1.5
one_shot = true

[node name="AttackBox" type="Area2D" parent="."]
position = Vector2( 0, 13 )
collision_mask = 2

[node name="AttackBoxShape2D" type="CollisionShape2D" parent="AttackBox"]
modulate = Color( 0.686275, 0.752941, 0.105882, 1 )
position = Vector2( 21, -13.5 )
shape = SubResource( 15 )
disabled = true

[connection signal="body_entered" from="EnemyDetector" to="." method="_on_EnemyDetector_body_entered"]
[connection signal="timeout" from="AttackComboTimer" to="." method="_on_AttackComboTimer_timeout"]
[connection signal="timeout" from="BumpedTimer" to="." method="_on_BumpedTimer_timeout"]
[connection signal="timeout" from="DashTimer" to="." method="_on_DashTimer_timeout"]
[connection signal="timeout" from="InvulnerabilityTimer" to="." method="_on_InvulnerabilityTimer_timeout"]
